@article{AGI,
  url       = {https://en.wikipedia.org/wiki/Artificial_general_intelligence},
  title     = {Artificial general intelligence}
}

@article{RL,
  url       = {https://en.wikipedia.org/wiki/Reinforcement_learning},
  title     = {Reinforcement learning}
}

@article{OpenAIBaselines,
  url       = {https://github.com/openai/baselines/tree/master/baselines/deepq},
  title     = {OpenAI Baselines GitHub},
  author    = {OpenAI}
}

@article{DQNMedium,
  url       = {https://medium.com/@jonathan_hui/rl-dqn-deep-q-network-e207751f7ae4},
  title     = {RL - DQN Deep Q-network},
  author    = {Jonathan Hui},
  year      = {2018}
}

@article{Sunblaze,
  url       = {https://github.com/sunblaze-ucb/rl-generalization},
  title     = {RL environments for evaluating generalization}
}

@article{OpenAIGym,
  url       = {https://gym.openai.com/},
  title     = {OpenAI Gym},
  author    = {OpenAI}
}

@article{QLearningExplanation,
  url       = {https://towardsdatascience.com/reinforcement-learning-temporal-difference-sarsa-q-learning-expected-sarsa-on-python-9fecfda7467e},
  title     = {Reinforcement learning: Temporal-Difference, SARSA, Q-Learning & Expected SARSA in python},
  author    = {Vaibhav Kumar},
  year      = {2019}
}

@article{GeneralizationPaper,
  author    = {Charles Packer and
  Katelyn Gao and
  Jernej Kos and
  Philipp Krähenbühl and
  Vladlen Koltun and
  Dawn Song},
  title     = {Assessing Generalization in Deep Reinforcement Learning},
  year      = {2018},
  url       = {https://arxiv.org/abs/1810.12282},
  archivePrefix = {arXiv}
}

@incollection{Project,
title = {Agent adaptation to a changing environment},
author = {Oleg Dats and
Glushko  Dmitrii},
year = {2019},
url = {https://github.com/odats/rl-generalization}
}

@article{CoinRun,
  url       = {https://github.com/openai/coinrun},
  title     = {Quantifying Generalization in Reinforcement Learning},
  author    = {OpenAI}
}
